@article{cachingtransientdata2018,
  title={Caching Transient Data for Internet of Things: A Deep Reinforcement Learning Approach},
  author={H. Zhu, Y. Cao, X. Wei, W. Wang, T. Jiang, and S. Jin},
  journal={IEEE Internet of Things Journal},
  volume={6},
  number={2},
  pages={2074-2083},
  year={2019}
}

@article{yao2020caching,
  title={Caching in dynamic IoT networks by deep reinforcement learning},
  author={Yao, Jingjing and Ansari, Nirwan},
  journal={IEEE Internet of Things Journal},
  volume={8},
  number={5},
  pages={3268--3275},
  year={2020},
  publisher={IEEE}
}

@article{qiao2019deep,
  title={Deep reinforcement learning for cooperative content caching in vehicular edge computing and networks},
  author={Qiao, Guanhua and Leng, Supeng and Maharjan, Sabita and Zhang, Yan and Ansari, Nirwan},
  journal={IEEE Internet of Things Journal},
  volume={7},
  number={1},
  pages={247--257},
  year={2019},
  publisher={IEEE}
}

@article{majidi2021hfdrl,
  title={Hfdrl: An intelligent dynamic cooperate cashing method based on hierarchical federated deep reinforcement learning in edge-enabled iot},
  author={Majidi, Fariba and Khayyambashi, Mohammad Reza and Barekatain, Behrang},
  journal={IEEE Internet of Things Journal},
  volume={9},
  number={2},
  pages={1402--1413},
  year={2021},
  publisher={IEEE}
}

@article{wu2022deep,
  title={A Deep Reinforcement Learning-Based Caching Strategy for IoT Networks With Transient Data},
  author={Wu, Hongda and Nasehzadeh, Ali and Wang, Ping},
  journal={IEEE Transactions on Vehicular Technology},
  volume={71},
  number={12},
  pages={13310--13319},
  year={2022},
  publisher={IEEE}
}

@article{wu2021caching,
  title={Caching transient content for IoT sensing: Multi-agent soft actor-critic},
  author={Wu, Xiongwei and Li, Xiuhua and Li, Jun and Ching, PC and Leung, Victor CM and Poor, H Vincent},
  journal={IEEE Transactions on Communications},
  volume={69},
  number={9},
  pages={5886--5901},
  year={2021},
  publisher={IEEE}
}

@ARTICLE{Vahedi87,
  AUTHOR =  {واحدی, مصطفی},
  TITLE =  {درختان پوشای کمینه دورنگی مسطح},
  JOURNAL =  {مجله فارسی نمونه},
  VOLUME =  {1},
  YEAR =  {1387},
  NUMBER =  {2},
  MONTH =  {آبان},
  PAGES =  {22-30},
  LANGUAGE =   {Persian}
}

@CONFERENCE{Amintoosi09regional,
  author =       {M. Amintoosi and M. Fathy and N. Mozayani},
  authorfa =     {م. امین‌طوسی and م. فتحی and م.مزینی},
  title =        {Regional Varying Image Super-Resolution},
  booktitle =    {IEEE International Joint Conference on Computational Sciences and Optimization},
  year =         {2009},
  month =        {April 23-26},
  address =      {Sanya, China},
  volume =       {1},
  pages =        {913-917}
}

@CONFERENCE{Amintoosi09video,
  author =       {M. Amintoosi and M. Fathy },
  authorfa =     {م. امین‌طوسی and م. فتحی },
  title =        {Video Resolution Enhancement in the Presence of Moving Objects},
  booktitle =    {International Conference on Image Processing, Computer Vision, and Pattern Recognition},
  year =         {2009},
  address =      {Las Vegas, USA},
  month =	 {July}
}

@ARTICLE{Amintoosi09precise,
  AUTHOR =       {M. Amintoosi and M. Fathy and N. Mozayani},
  authorfa =     {م. امین‌طوسی and م. فتحی and م.مزینی},
  TITLE =        {Precise Image Registration with Structural Similarity Error Measurement Applied to Super-Resolution},
  JOURNAL =      {{EURASIP} {J}ournal on {A}dvances in {S}ignal {P}rocessing},
 Volume =         {2009},
  YEAR =         {2009},
  pages =        {7 pages},
  note =         {{A}rticle ID 305479},
 url = {http://www.hindawi.com/journals/asp/2009/305479.html}
}

@CONFERENCE{Amintoosi87afzayesh,
  AUTHOR =       {امین‌طوسی,محمود and مزینی,ناصر and  فتحی,محمود},
  TITLE =        {افزایش وضوح ناحیه‌ای},
  BOOKTITLE =    {چهاردهمین کنفرانس ملی سالانه انجمن کامپیوتر ایران},
  YEAR =         {1387},
  ORGANIZATION = {دانشگاه امیرکبیر},
  ADDRESS =      {تهران، ایران},
  month = 	 {اسفند},
  pages =        {101--108},
  LANGUAGE =     {Persian},  
  url = {http://www.civilica.com/Paper-ACCSI14-ACCSI14_107.htm}
}

@article{Baker02limits,
 author = {Baker,, Simon and Kanade,, Takeo},
 title = {Limits on Super-Resolution and How to Break Them},
 journal = {IEEE Trans. Pattern Anal. Mach. Intell.},
 volume = {24},
 number = {9},
 year = {2002},
 issn = {0162-8828},
 pages = {1167--1183},
 publisher = {IEEE Computer Society},
 address = {Washington, DC, USA}
 }

@BOOK{Gonzalez02book,
  AUTHOR =      {Gonzalez,, Rafael C. and Woods,, Richard E.},
  authorfa =    {ر. گنزالس and ر. وودس },
  TITLE =       {Digital Image Processing},
  PUBLISHER =   {Prentice-Hall, Inc.},
  YEAR =        {2006},
  ISBN = 	{013168728X},
  EDITION = 	{3rd},
  ADDRESS =     {Upper Saddle River, NJ, USA},
}
 
@MASTERSTHESIS{Khalighi07MscThesis,
  AUTHOR =       {Vafa Khalighi},
  AUTHORFA =     {خلیقی,وفا},
  TITLE =        {Category Theory},
  SCHOOL =       {Sydny Univ.},
  YEAR =         {2007},
  MONTH =        {April}
}

@MISC{Khalighi87xepersian,
  AUTHOR =      {خلیقی,وفا},
  TITLE =        {زی‌پرشین (\lr{\XePersian}): بسته فارسی برای حروف‌چینی در \lr{\LaTeX2e}},
  HOWPUBLISHED = {\lr{\href{http://www.ctan.org/pkg/xepersian}{http://www.ctan.org/pkg/xepersian}}},
  YEAR =         {۱۳۸۷},
  LANGUAGE =     {Persian}
  }

@PHDTHESIS{Omidali82phdThesis,
  AUTHOR =       {امیدعلی, مهدی},
  TITLE =        {خم‌های تک‌جمله‌ای تعریف شده توسط دنباله‌های تقریباً حسابی},
  SCHOOL =       {دانشکده ریاضی، دانشگاه امیرکبیر},
  YEAR =         {1385},
  MONTH =        {تیر},
  LANGUAGE =     {Persian}
}

@BOOK{Pedram80osool,
  AUTHOR =       {استالینگ, ویلیام},
  EDITOR =       {برنجکوب, محمود},
  translator =   { صدیقی‌ مشکنانی, محسن and پدرام,حسین },
  TITLE =        {اصول طراحی و ویژگیهای داخلی سیستم‌های عامل},
  PUBLISHER =    {نشر شیخ بهایی},
  YEAR =         {۱۳۸۰},
  ADDRESS =      {اصفهان},
  edition =      {سوم},
  MONTH =        {بهار},
  LANGUAGE =     {Persian}
}

@MASTERSTHESIS{Pourmousa88mscThesis,
  AUTHOR =       {پورموسی, امیرمسعود},
  TITLE =        {بررسی رویدادهای ریزهمگرایی گرانشی تکراری در راستای مرکز کهکشان و ابرهای ماژلانی},
  SCHOOL =       {دانشکده فیزیک، دانشگاه صنعتی‌شریف},
  YEAR =         {۱۳۸۸},
  LANGUAGE =     {Persian}
}

@PhdThesis{Borman04thesis,
  author =   {Sean Borman},
  authorfa = {بورمن,سین},
  title =    {Topics in Multiframe Superresolution Restoration},
  school =   {University of Notre Dame},
  year =     {2004},
  address =  {Notre Dame, IN},
  month =    {may},
}

@PROCEEDINGS {conference06,
 editor    = {Farhad Shokoohi},
 authorfa  = {فرهاد شکوهی},
 title     = {Proceedings of the Xth Conference on XYZ},
 booktitle = {Proceedings of the Xth Conference on XYZ},
 year      = {2006},
 month     = {October}
}

@MISC{persianbib87userguide,
  AUTHOR =       {امین‌طوسی, م. and واحدی, م.},
  TITLE =        {راهنمای استفاده از سبک‌های فارسی  برای {\lr{\textsc{Bib}\TeX}} در زی‌پرشین},
  howpublished = {گروه پارسی‌لاتک},
  YEAR =         {۱۳۸۷},
  note = 	 {\url{http://www.parsilatex.com}},
  language =     {Persian}
}

@MISC{UTThesisGuide,
  AUTHOR =       {تحصیلات‌تکمیلی},
  TITLE =        {دستورالعمل نگارش و تدوین پایان‌نامه دانشجویان مقطع کارشناسی ارشد و دکتری},
  HOWPUBLISHED =    {\href{http://egufa.ut.ac.ir/%D8%B1%D9%88%DB%8C%D9%87%E2%80%8C%D9%87%D8%A7-%D9%88-%D9%81%D8%B1%D9%85%E2%80%8C%D9%87%D8%A7/%DA%A9%D8%A7%D8%B1%D8%B4%D9%86%D8%A7%D8%B3%DB%8C-%D8%A7%D8%B1%D8%B4%D8%AF/417-%D8%AF%D8%B3%D8%AA%D9%88%D8%B1%D8%A7%D9%84%D8%B9%D9%85%D9%84-%D9%86%DA%AF%D8%A7%D8%B1%D8%B4-%D9%88-%D8%AA%D8%AF%D9%88%DB%8C%D9%86-%D9%BE%D8%A7%DB%8C%D8%A7%D9%86-%D9%86%D8%A7%D9%85%D9%87-%D8%AF%D8%A7%D9%86%D8%B4%D8%AC%D9%88%DB%8C%D8%A7%D9%86-%D9%85%D9%82%D8%B7%D8%B9-%DA%A9%D8%A7%D8%B1%D8%B4%D9%86%D8%A7%D8%B3%DB%8C-%D8%A7%D8%B1%D8%B4%D8%AF-%D9%88-%D8%AF%DA%A9%D8%AA%D8%B1%DB%8C}{\lr{http://egufa.ut.ac.ir}}},
  YEAR =         {۱۳۹۳},
  MONTH =	 {شهریور},
  note = 	 {معاونت آموزشی و تحصیلات تکمیلی پردیس دانشکده‌های فنی دانشگاه تهران},
  LANGUAGE =     {Persian}
  }

@article{kim2016integrated,
  title={An integrated analysis of the genome-wide profiles of dna methylation and mRNA expression defining the side population of a human malignant mesothelioma cell line},
  author={Kim, Myung-Chul and Kim, Na-Yon and Seo, Yu-Ri and Kim, Yongbaek},
  authorfa={کیم,میونگ-چول and کیم,نا-یون and سئو,یو-ری and کیم,یونگ‌بک},
  journal={Journal of Cancer},
  volume={7},
  number={12},
  pages={1668},
  year={2016},
  publisher={Ivyspring International Publisher}
}
